<?xml version="1.0" encoding="UTF-8"?><collection xmlns="http://www.loc.gov/MARC21/slim"><record><leader>00458nam--2200145-i-4500</leader><controlfield tag="001">000001952</controlfield><controlfield tag="002">20161230</controlfield><controlfield tag="005">20161230201024</controlfield><controlfield tag="008">060222s1000------------r-----000-0-eng-d</controlfield><datafield ind1="1" ind2=" " tag="100"><subfield code="a">Fox, L</subfield></datafield><datafield ind1="1" ind2="0" tag="245"><subfield code="a">Numerical solution of ordinary and partial differential equations.based on a summer school held in oxford, aug.-sept. 1961</subfield></datafield><datafield ind1=" " ind2=" " tag="260"><subfield code="a">Oxford, Pergamon Press, 1962. Ix + 509 P</subfield></datafield><datafield ind1=" " ind2=" " tag="700"><subfield code="a">L. Fox</subfield></datafield><datafield ind1=" " ind2=" " tag="852"><subfield code="a">17840</subfield><subfield code="c">517.9</subfield></datafield><datafield ind1=" " ind2=" " tag="CAT"><subfield code="a">Sys</subfield><subfield code="c">20080930</subfield><subfield code="h">121853</subfield></datafield></record></collection>